<record><leader>00000cas a2200000 a 4500</leader><controlfield tag="001">10305230</controlfield><controlfield tag="008">840116c19649999ksudr ne      0   a0eng d</controlfield><datafield ind1=" " ind2=" " tag="010"><subfield code="a">sn 84007685 </subfield></datafield><datafield ind1=" " ind2=" " tag="040"><subfield code="a">NSD</subfield><subfield code="b">eng</subfield><subfield code="c">NSD</subfield><subfield code="d">NPT</subfield><subfield code="d">NSD</subfield><subfield code="d">OCL</subfield><subfield code="d">OCLCQ</subfield></datafield><datafield ind1=" " ind2=" " tag="012"><subfield code="k">1</subfield><subfield code="m">1</subfield></datafield><datafield ind1="1" ind2=" " tag="022"><subfield code="a">0746-8202</subfield><subfield code="l">0746-8202</subfield><subfield code="2">1</subfield></datafield><datafield ind1="1" ind2=" " tag="029"><subfield code="a">AU@</subfield><subfield code="b">000045259047</subfield></datafield><datafield ind1="1" ind2=" " tag="029"><subfield code="a">NZ1</subfield><subfield code="b">16074903</subfield></datafield><datafield ind1=" " ind2=" " tag="032"><subfield code="a">120600</subfield><subfield code="b">USPS</subfield></datafield><datafield ind1=" " ind2=" " tag="037"><subfield code="b">Coffeyville Journal, P.O. Box 849, Coffeyville, KS 67337</subfield></datafield><datafield ind1=" " ind2=" " tag="042"><subfield code="a">nsdp</subfield></datafield><datafield ind1="0" ind2=" " tag="130"><subfield code="a">Coffeyville journal (Coffeyville, Kan. : 1964)</subfield></datafield><datafield ind1=" " ind2="4" tag="222"><subfield code="a">The Coffeyville journal</subfield></datafield><datafield ind1="1" ind2="4" tag="245"><subfield code="a">The Coffeyville journal.</subfield></datafield><datafield ind1=" " ind2=" " tag="260"><subfield code="a">Coffeyville, Kan. :</subfield><subfield code="b">R.M. Seaton,</subfield><subfield code="c">1964-</subfield></datafield><datafield ind1=" " ind2=" " tag="300"><subfield code="a">v. :</subfield><subfield code="b">ill. ;</subfield><subfield code="c">58 cm.</subfield></datafield><datafield ind1=" " ind2=" " tag="310"><subfield code="a">Daily (except Saturdays/holidays)</subfield></datafield><datafield ind1="0" ind2=" " tag="362"><subfield code="a">Vol. 72, no. 32 (July 7, 1964)-</subfield></datafield><datafield ind1=" " ind2=" " tag="500"><subfield code="a">Published by: Dan Hamrick, Apr. 2, 1978-Sept. 27, 1979; Pamela Meals, Sept. 28, 1979-</subfield></datafield><datafield ind1=" " ind2=" " tag="525"><subfield code="a">Supplements included.</subfield></datafield><datafield ind1=" " ind2=" " tag="752"><subfield code="a">United States</subfield><subfield code="b">Kansas</subfield><subfield code="c">Montgomery</subfield><subfield code="d">Coffeyville.</subfield></datafield><datafield ind1="0" ind2="0" tag="780"><subfield code="t">Coffeyville daily journal (Coffeyville, Kan. : 1895)</subfield><subfield code="w">(DLC)sn 85031419</subfield></datafield></record>